<record><leader>00000cas a22000007a 4500</leader><controlfield tag="001">1769922</controlfield><controlfield tag="008">751101d18931948mnuwr ne      0    0eng d</controlfield><datafield ind1=" " ind2=" " tag="010"><subfield code="a">sn 90057631 </subfield></datafield><datafield ind1=" " ind2=" " tag="040"><subfield code="a">MUL</subfield><subfield code="b">eng</subfield><subfield code="c">MUL</subfield><subfield code="d">MN#</subfield><subfield code="d">OCLCQ</subfield><subfield code="d">OCLCF</subfield><subfield code="d">OCLCO</subfield><subfield code="d">OCLCA</subfield></datafield><datafield ind1=" " ind2=" " tag="042"><subfield code="a">msc</subfield></datafield><datafield ind1=" " ind2=" " tag="043"><subfield code="a">n-us-mn</subfield></datafield><datafield ind1=" " ind2=" " tag="052"><subfield code="a">4144</subfield><subfield code="b">W76</subfield></datafield><datafield ind1=" " ind2=" " tag="052"><subfield code="a">4143</subfield><subfield code="b">F3</subfield></datafield><datafield ind1="0" ind2="0" tag="245"><subfield code="a">Winnebago City enterprise.</subfield></datafield><datafield ind1="1" ind2="3" tag="246"><subfield code="a">Winnebago enterprise and times</subfield><subfield code="f">Feb. 20, 1947-Jan. 29, 1948</subfield></datafield><datafield ind1="3" ind2="0" tag="246"><subfield code="a">Winnebago City enterprise and times</subfield></datafield><datafield ind1=" " ind2=" " tag="260"><subfield code="a">Winnebago City, Faribault County, Minn. :</subfield><subfield code="b">W.D. Smith,</subfield><subfield code="c">-1948.</subfield></datafield><datafield ind1=" " ind2=" " tag="300"><subfield code="a">v.</subfield></datafield><datafield ind1=" " ind2=" " tag="310"><subfield code="a">Weekly</subfield></datafield><datafield ind1="1" ind2=" " tag="362"><subfield code="a">Began June 8, 1893.</subfield></datafield><datafield ind1="0" ind2=" " tag="362"><subfield code="a">-54th year, no. 35 (Jan. 29, 1948).</subfield></datafield><datafield ind1=" " ind2=" " tag="500"><subfield code="a">Published as: Winnebago City enterprise and times, Feb. 20, 1947-Aug. 21, 1947.</subfield></datafield><datafield ind1=" " ind2=" " tag="530"><subfield code="a">Available on microfilm from the Minnesota Historical Society.</subfield></datafield><datafield ind1=" " ind2=" " tag="588"><subfield code="a">Description based on: 1st year, no. 37 (Feb. 22, 1894).</subfield></datafield><datafield ind1=" " ind2="0" tag="651"><subfield code="a">Winnebago (Minn.)</subfield><subfield code="v">Newspapers.</subfield></datafield><datafield ind1=" " ind2="7" tag="655"><subfield code="a">Newspapers.</subfield><subfield code="2">fast</subfield><subfield code="0">(OCoLC)fst01423814</subfield></datafield><datafield ind1=" " ind2="7" tag="651"><subfield code="a">Minnesota</subfield><subfield code="z">Winnebago.</subfield><subfield code="2">fast</subfield><subfield code="0">(OCoLC)fst01223796</subfield></datafield><datafield ind1=" " ind2=" " tag="752"><subfield code="a">United States</subfield><subfield code="b">Minnesota</subfield><subfield code="c">Faribault</subfield><subfield code="d">Winnebago.</subfield></datafield><datafield ind1="0" ind2="5" tag="780"><subfield code="t">Winnebago times</subfield><subfield code="w">(DLC)sn 90057641</subfield></datafield><datafield ind1="0" ind2="5" tag="780"><subfield code="t">Winnebago City press-news</subfield><subfield code="w">(DLC)sn 90057639</subfield></datafield><datafield ind1="0" ind2="0" tag="785"><subfield code="t">Winnebago enterprise</subfield><subfield code="w">(DLC)sn 90057632</subfield></datafield></record>